
@article{aitallaStudyNewInstallation2017,
  title = {A {{Study}} of New {{Installation Concepts}} of {{Offshore Wind Farms}} by {{Means}} of {{Simulation Model}}},
  author = {Ait Alla, Abderrahim and Oelker, Stephan and Lewandowski, Marco and Freitag, Michael and Thoben, Klaus-Dieter},
  year = {2017},
  journal = {Proceedings of the 27th International Ocean and Polar Engineering Conference},
  pages = {607--612}
}

@article{anchuanhongjiBoLangZhongniokeruChuannoCaoZongYunDongsimiyuresiyon2006,
  title = {波浪中における船の操縦運動シミュレーション},
  author = {{安川 宏紀}},
  year = {2006},
  journal = {日本船舶海洋工学会論文集},
  volume = {4},
  pages = {127--136}
}

@article{visAssessmentApproachesLogistics2016,
  title = {Assessment Approaches to Logistics for Offshore Wind Energy Installation},
  author = {Vis, Iris F. A. and Ursavas, Evrim},
  year = {2016},
  journal = {Sustainable Energy Technologies and Assessments},
  volume = {14},
  pages = {80--91},
  issn = {2213-1388},
  langid = {english},
  keywords = {Logistics,Offshore installations,Renewable energy sources,Wind energy,Wind farms}
}

